<record><leader>00000cas a22000007a 4500</leader><controlfield tag="001">14201662</controlfield><controlfield tag="008">860910d182u184uvauwr ne      0    0eng  </controlfield><controlfield tag="009">466</controlfield><datafield ind1=" " ind2=" " tag="010"><subfield code="a">sn 86071897 </subfield></datafield><datafield ind1=" " ind2=" " tag="040"><subfield code="a">DLC</subfield><subfield code="b">eng</subfield><subfield code="c">DLC</subfield><subfield code="d">NVK</subfield><subfield code="d">OCL</subfield><subfield code="d">DLC</subfield><subfield code="d">OCLCF</subfield></datafield><datafield ind1="1" ind2=" " tag="029"><subfield code="a">AU@</subfield><subfield code="b">000020128193</subfield></datafield><datafield ind1=" " ind2=" " tag="042"><subfield code="a">msc</subfield></datafield><datafield ind1=" " ind2=" " tag="043"><subfield code="a">n-us-pa</subfield></datafield><datafield ind1="0" ind2="0" tag="050"><subfield code="a">Newspaper</subfield></datafield><datafield ind1="0" ind2="0" tag="245"><subfield code="a">Winchester Virginia Republican.</subfield></datafield><datafield ind1="1" ind2="3" tag="246"><subfield code="a">Winchester Republican</subfield></datafield><datafield ind1="1" ind2="3" tag="246"><subfield code="a">Republican</subfield></datafield><datafield ind1=" " ind2=" " tag="260"><subfield code="a">Winchester, Va. :</subfield><subfield code="b">Samuel H. Davis</subfield></datafield><datafield ind1=" " ind2=" " tag="300"><subfield code="a">v. :</subfield><subfield code="b">ill. ;</subfield><subfield code="c">54 cm.</subfield></datafield><datafield ind1=" " ind2=" " tag="310"><subfield code="a">Weekly</subfield></datafield><datafield ind1=" " ind2=" " tag="500"><subfield code="a">Began between May and Oct. 1824; ceased between 1842 and 1844.</subfield></datafield><datafield ind1=" " ind2=" " tag="500"><subfield code="a">The word "Virginia" appears in the masthead logo between the words "Winchester" and "Republican".</subfield></datafield><datafield ind1=" " ind2=" " tag="530"><subfield code="a">Available on microfilm from Bell and Howell.</subfield></datafield><datafield ind1=" " ind2=" " tag="588"><subfield code="a">Description based on: Vol. 14, no. 44 (Oct. 29, 1824).</subfield></datafield><datafield ind1=" " ind2="0" tag="651"><subfield code="a">Winchester (Va.)</subfield><subfield code="v">Newspapers.</subfield></datafield><datafield ind1=" " ind2="7" tag="655"><subfield code="a">Newspapers.</subfield><subfield code="2">fast</subfield><subfield code="0">(OCoLC)fst01423814</subfield></datafield><datafield ind1=" " ind2="7" tag="651"><subfield code="a">Virginia</subfield><subfield code="z">Winchester.</subfield><subfield code="2">fast</subfield><subfield code="0">(OCoLC)fst01202730</subfield></datafield><datafield ind1=" " ind2=" " tag="752"><subfield code="a">United States</subfield><subfield code="b">Virginia</subfield><subfield code="d">Winchester.</subfield></datafield><datafield ind1="0" ind2="0" tag="780"><subfield code="t">Winchester Republican (Winchester, Va.)</subfield><subfield code="w">(DLC)sn 84024627</subfield><subfield code="w">(OCoLC)10923225</subfield></datafield><datafield ind1="0" ind2="0" tag="785"><subfield code="t">Winchester Republican (Winchester, Va. : 1843)</subfield><subfield code="w">(DLC)sn 86071898</subfield><subfield code="w">(OCoLC)14201774</subfield></datafield></record>